<record><leader>00000cas a2200000 a 4500</leader><controlfield tag="001">8062558</controlfield><controlfield tag="008">820114d19341958nyuwr ne      0    0eng d</controlfield><controlfield tag="009">394</controlfield><datafield ind1=" " ind2=" " tag="010"><subfield code="a">sn 88074414 </subfield></datafield><datafield ind1=" " ind2=" " tag="040"><subfield code="a">YQR</subfield><subfield code="b">eng</subfield><subfield code="c">YQR</subfield><subfield code="d">NYS</subfield><subfield code="d">OCL</subfield><subfield code="d">OCLCQ</subfield></datafield><datafield ind1="1" ind2=" " tag="029"><subfield code="a">AU@</subfield><subfield code="b">000025832294</subfield></datafield><datafield ind1=" " ind2=" " tag="042"><subfield code="a">msc</subfield></datafield><datafield ind1="0" ind2="4" tag="245"><subfield code="a">The Greece press.</subfield></datafield><datafield ind1=" " ind2=" " tag="260"><subfield code="a">Greece, N.Y. ;</subfield><subfield code="a">Rochester, N.Y. :</subfield><subfield code="b">A.J. Ritz,</subfield><subfield code="c">1934-1958.</subfield></datafield><datafield ind1=" " ind2=" " tag="300"><subfield code="a">v. :</subfield><subfield code="b">ill. ;</subfield><subfield code="c">44 cm.</subfield></datafield><datafield ind1=" " ind2=" " tag="310"><subfield code="a">Weekly</subfield></datafield><datafield ind1="0" ind2=" " tag="362"><subfield code="a">Vol. 1, no. 1 (Aug. 3, 1934)-v. 24, no. 50 (June 19, 1958).</subfield></datafield><datafield ind1=" " ind2="4" tag="651"><subfield code="a">Greece (N.Y.)</subfield><subfield code="v">Newspapers.</subfield></datafield><datafield ind1=" " ind2="4" tag="651"><subfield code="a">Rochester (N.Y.)</subfield><subfield code="v">Newspapers.</subfield></datafield><datafield ind1=" " ind2=" " tag="752"><subfield code="a">United States</subfield><subfield code="b">New York</subfield><subfield code="c">Monroe</subfield><subfield code="d">Greece.</subfield></datafield><datafield ind1=" " ind2=" " tag="752"><subfield code="a">United States</subfield><subfield code="b">New York</subfield><subfield code="c">Monroe</subfield><subfield code="d">Rochester.</subfield></datafield><datafield ind1="0" ind2="0" tag="785"><subfield code="t">New Greece press</subfield><subfield code="w">(DLC)sn 88074085</subfield><subfield code="w">(OCoLC)8062522</subfield></datafield></record>